@article{park2014,
  title={Modeling suspended sediment distribution patterns of the Amazon River using MODIS data},
  author={Park, Edward and Latrubesse, Edgardo M},
  journal={Remote Sensing of Environment},
  volume={147},
  pages={232--242},
  year={2014},
  publisher={Elsevier}
}

@book{zuur2009,
  title={Mixed effects models and extensions in ecology with R},
  author={Zuur, Alain and Ieno, Elena N and Walker, Neil and Saveliev, Anatoly A and Smith, Graham M},
  year={2009},
  publisher={Springer Science \& Business Media}
}

@article{pedersen2019,
  title={Hierarchical generalized additive models in ecology: an introduction with mgcv},
  author={Pedersen, Eric J and Miller, David L and Simpson, Gavin L and Ross, Noam},
  journal={PeerJ},
  volume={7},
  pages={e6876},
  year={2019},
  publisher={PeerJ Inc.}
}

@article{latimer2009,
  title={Hierarchical models facilitate spatial analysis of large data sets: a case study on invasive plant species in the northeastern United States},
  author={Latimer, AM and Banerjee, S and Sang Jr, H and Mosher, ES and Silander Jr, JA},
  journal={Ecology letters},
  volume={12},
  number={2},
  pages={144--154},
  year={2009},
  publisher={Wiley Online Library}
}

@article{anderson2019,
  title={Black swans in space: modeling spatiotemporal processes with extremes},
  author={Anderson, Sean C and Ward, Eric J},
  journal={Ecology},
  volume={100},
  number={1},
  pages={e02403},
  year={2019},
  publisher={Wiley Online Library}
}

@Manual{anderson2020,
  title = {sdmTMB: Spatiotemporal Species Distribution GLMMs with 'TMB'},
  author = {Sean C. Anderson and Eric J. Ward and Lewis A. K. Barnett and Philina A. English},
  year = {2020},
  note = {R package version 0.0.9.9001},
  url = {https://pbs-assess.github.io/sdmTMB/index.html},
}

@Manual{rcite,
  title = {R: A Language and Environment for Statistical Computing},
  author = {{R Core Team}},
  organization = {R Foundation for Statistical Computing},
  address = {Vienna, Austria},
  year = {2020},
  url = {https://www.R-project.org/},
}

@article{rue2009,
  author = {H{\aa}vard Rue and Sara Martino and Nicholas Chopin},
  title = {Approximate {Bayesian} Inference for Latent {Gaussian} Models Using Integrated Nested {Laplace} Approximations (with discussion).},
  journal = {Journal of the Royal Statistical Society B},
  year = {2009},
  volume = {71},
  pages = {319--392},
}


@article{wood2011,
    title = {Fast stable restricted maximum likelihood and marginal 
likelihood estimation of semiparametric generalized linear models},
    journal = {Journal of the Royal Statistical Society (B)},
    volume = {73},
    number = {1},
    pages = {3-36},
    year = {2011},
    author = {S. N. Wood},
}

@Book{venables2002,
    title = {Modern Applied Statistics with S},
    author = {W. N. Venables and B. D. Ripley},
    publisher = {Springer},
    edition = {Fourth},
    address = {New York},
    year = {2002},
    note = {ISBN 0-387-95457-0},
    url = {http://www.stats.ox.ac.uk/pub/MASS4},
}

@article{orth2012,
  title={Seed addition facilitates eelgrass recovery in a coastal bay system},
  author={Orth, Robert J and Moore, Kenneth A and Marion, Scott R and Wilcox, David J and Parrish, David B},
  journal={Marine Ecology Progress Series},
  volume={448},
  pages={177--195},
  year={2012}
}

@article{matus2018,
  title={Predictive performance of regression models to estimate Chlorophyll-a concentration based on Landsat imagery},
  author={Matus-Hernandez, Miguel {\'A}ngel and Hern{\'a}ndez-Saavedra, Norma Yolanda and Mart{\'i}nez-Rinc{\'o}n, Ra{\'u}l Octavio},
  journal={PloS one},
  volume={13}, 
  number={10},
  pages={e0205682},
  year={2018},
  publisher={Public Library of Science San Francisco, CA USA}
}

@article{ouma2020,
  title={Modelling Reservoir Chlorophyll-a, TSS, and Turbidity Using Sentinel-2A MSI and Landsat-8 OLI Satellite Sensors with Empirical Multivariate Regression},
  author={Ouma, Yashon O and Noor, Kimutai and Herbert, Kipkemoi},
  journal={Journal of Sensors},
  volume={2020},
  year={2020},
  publisher={Hindawi}
}

@article{hardison2019,
  title={A simulation study of trend detection methods for integrated ecosystem assessment},
  author={Hardison, Sean and Perretti, Charles T and DePiper, Geret S and Beet, Andrew},
  journal={ICES Journal of Marine Science},
  volume={76},
  number={7},
  pages={2060--2069},
  year={2019},
  publisher={Oxford University Press}
}

@article{luis2019,
  title={Capturing coastal water clarity variability with Landsat 8},
  author={Luis, Kelly MA and Rheuban, Jennie E and Kavanaugh, Maria T and Glover, David M and Wei, Jianwei and Lee, Zhongping and Doney, Scott C},
  journal={Marine pollution bulletin},
  volume={145},
  pages={96--104},
  year={2019},
  publisher={Elsevier}
}

@article{diniz2003,
  title={Spatial autocorrelation and red herrings in geographical ecology},
  author={Diniz-Filho, Jos{\'e} Alexandre Felizola and Bini, Luis Mauricio and Hawkins, Bradford A},
  journal={Global ecology and Biogeography},
  volume={12},
  number={1},
  pages={53--64},
  year={2003},
  publisher={Wiley Online Library}
}

@article{miller2004,
  title={Tobler's first law and spatial analysis},
  author={Miller, Harvey J},
  journal={Annals of the Association of American Geographers},
  volume={94},
  number={2},
  pages={284--289},
  year={2004},
  publisher={Taylor \& Francis}
}

@article{tobler1970,
  title={A computer movie simulating urban growth in the Detroit region},
  author={Tobler, Waldo R},
  journal={Economic geography},
  volume={46},
  number={sup1},
  pages={234--240},
  year={1970},
  publisher={Taylor \& Francis}
}

@book{hirsch2012,
  title={Flux of nitrogen, phosphorus, and suspended sediment from the Susquehanna River basin to the Chesapeake Bay during Tropical Storm Lee, September 2011, as an indicator of the effects of reservoir sedimentation on water quality},
  author={Hirsch, Robert M},
  year={2012},
  publisher={US Department of the Interior, US Geological Survey Reston, VA}
}

@article{son2012,
  title={Water properties in Chesapeake Bay from MODIS-Aqua measurements},
  author={Son, SeungHyun and Wang, Menghua},
  journal={Remote Sensing of Environment},
  volume={123},
  pages={163--174},
  year={2012},
  publisher={Elsevier}
}

@article{nardin2020,
  title={Effect of offshore waves and vegetation on the sediment budget in the Virginia Coast Reserve (VA)},
  author={Nardin, William and Lera, Sara and Nienhuis, Jaap},
  journal={Earth Surface Processes and Landforms},
  volume={45},
  number={12},
  pages={3055--3068},
  year={2020},
  publisher={Wiley Online Library}
}